%% This BibTeX bibliography file was created using BibDesk.
%% http://bibdesk.sourceforge.net/

%% Created for Zhenzhu Zheng at 2016-12-10 09:03:25 -0500 

%% Saved with string encoding Unicode (UTF-8) 

%%% Just add one line of comment to test Git

%%% The seconde draft



@inproceedings{ray2015automatic,
  title={Automatic extraction of figures from scholarly documents},
  author={Ray Choudhury, Sagnik and Mitra, Prasenjit and Giles, Clyde Lee},
  booktitle={Proceedings of the 2015 ACM Symposium on Document Engineering},
  pages={47--50},
  year={2015},
  organization={ACM}
}

@inproceedings{choudhury2015automated,
  title={Automated Data Extraction from Scholarly Line Graphs},
  author={Choudhury, PM Sagnik and Wang, Shuting and Giles, L},
  booktitle={GREC},
  year={2015}
}

@article{poppler,
  title={Poppler},
  journal={http://poppler.freedesktop.org/.},
  year={2014}
}

   @manual{X,
      title  = "Using {\LaTeX} for Your Thesis",
      author = "Mark Senn",
      url    = "http://engineering.purdue.edu/~mark/puthesis",
      year   = "2009 (accessed February 3, 2014)"
    }

@article{pdfbox2014processing,
  title={processing Library},
  author={PDFBox, Java PDF},
  journal={Link: http://www. pdfbox. org},
  year={2014}
}

@misc{shinyama2010pdfminer,
  title={PDFMiner},
  author={Shinyama, Yusuke},
  year={2010}
}

@inproceedings{clark2016pdffigures,
  title={PDFFigures 2.0: Mining figures from research papers},
  author={Clark, Christopher and Divvala, Santosh},
  booktitle={Digital Libraries (JCDL), 2016 IEEE/ACM Joint Conference on},
  pages={143--152},
  year={2016},
  organization={IEEE}
}


@inproceedings{choudhury2013figure,
	Author = {Choudhury, Sagnik Ray and Mitra, Prasenjit and Kirk, Andi and Szep, Silvia and Pellegrino, Donald and Jones, Sue and Giles, C Lee},
	Booktitle = {2013 12th International Conference on Document Analysis and Recognition},
	Organization = {IEEE},
	Pages = {135--139},
	Title = {Figure metadata extraction from digital documents},
	Year = {2013},
	Bdsk-File-1 = {YnBsaXN0MDDUAQIDBAUGJCVYJHZlcnNpb25YJG9iamVjdHNZJGFyY2hpdmVyVCR0b3ASAAGGoKgHCBMUFRYaIVUkbnVsbNMJCgsMDxJXTlMua2V5c1pOUy5vYmplY3RzViRjbGFzc6INDoACgAOiEBGABIAFgAdccmVsYXRpdmVQYXRoWWFsaWFzRGF0YV8QJC4uLy4uLy4uLy4uLy4uLy4uLy5UcmFzaC9pY2RhcjEzLnBkZtIXCxgZV05TLmRhdGFPEQFmAAAAAAFmAAIAAAxNYWNpbnRvc2ggSEQAAAAAAAAAAAAAAAAAAADQ7t3JSCsAAAAPyCALaWNkYXIxMy5wZGYAAAAAAAAAAAAAAAAAAAAAAAAAAAAAAAAAAAAAAAAAAAAAAAAAAAAAAAAAAAAAAAAAAAAAAo+HXtRxcLwAAAAAAAAAAAAGAAIAAAkgAAAAAAAAAAAAAAAAAAAABi5UcmFzaAAQAAgAANDvJBkAAAARAAgAANRxtwwAAAABAAwAD8ggAAk+YwAClCMAAgAuTWFjaW50b3NoIEhEOlVzZXJzOgBFcmljYToALlRyYXNoOgBpY2RhcjEzLnBkZgAOABgACwBpAGMAZABhAHIAMQAzAC4AcABkAGYADwAaAAwATQBhAGMAaQBuAHQAbwBzAGgAIABIAEQAEgAeVXNlcnMvRXJpY2EvLlRyYXNoL2ljZGFyMTMucGRmABMAAS8AABUAAgAM//8AAIAG0hscHR5aJGNsYXNzbmFtZVgkY2xhc3Nlc11OU011dGFibGVEYXRhox0fIFZOU0RhdGFYTlNPYmplY3TSGxwiI1xOU0RpY3Rpb25hcnmiIiBfEA9OU0tleWVkQXJjaGl2ZXLRJidUcm9vdIABAAgAEQAaACMALQAyADcAQABGAE0AVQBgAGcAagBsAG4AcQBzAHUAdwCEAI4AtQC6AMICLAIuAjMCPgJHAlUCWQJgAmkCbgJ7An4CkAKTApgAAAAAAAACAQAAAAAAAAAoAAAAAAAAAAAAAAAAAAACmg==}}

@inproceedings{clark2015looking,
	Author = {Clark, Christopher and Divvala, Santosh},
	Booktitle = {AAAI 2015 Workshop on Scholarly Big Data},
	Title = {Looking beyond text: Extracting figures, tables and captions from computer science papers},
	Year = {2015},
	Bdsk-File-1 = {YnBsaXN0MDDUAQIDBAUGJCVYJHZlcnNpb25YJG9iamVjdHNZJGFyY2hpdmVyVCR0b3ASAAGGoKgHCBMUFRYaIVUkbnVsbNMJCgsMDxJXTlMua2V5c1pOUy5vYmplY3RzViRjbGFzc6INDoACgAOiEBGABIAFgAdccmVsYXRpdmVQYXRoWWFsaWFzRGF0YV8QKi4uLy4uLy4uLy4uLy4uLy4uLy5UcmFzaC9jbGFya19kaXZ2YWxhLnBkZtIXCxgZV05TLmRhdGFPEQF+AAAAAAF+AAIAAAxNYWNpbnRvc2ggSEQAAAAAAAAAAAAAAAAAAADQ7t3JSCsAAAAPyCARY2xhcmtfZGl2dmFsYS5wZGYAAAAAAAAAAAAAAAAAAAAAAAAAAAAAAAAAAAAAAAAAAAAAAAAAAAAAAAAAAAAAAo+HZdRxcMkAAAAAAAAAAAAGAAIAAAkgAAAAAAAAAAAAAAAAAAAABi5UcmFzaAAQAAgAANDvJBkAAAARAAgAANRxtxkAAAABAAwAD8ggAAk+YwAClCMAAgA0TWFjaW50b3NoIEhEOlVzZXJzOgBFcmljYToALlRyYXNoOgBjbGFya19kaXZ2YWxhLnBkZgAOACQAEQBjAGwAYQByAGsAXwBkAGkAdgB2AGEAbABhAC4AcABkAGYADwAaAAwATQBhAGMAaQBuAHQAbwBzAGgAIABIAEQAEgAkVXNlcnMvRXJpY2EvLlRyYXNoL2NsYXJrX2RpdnZhbGEucGRmABMAAS8AABUAAgAM//8AAIAG0hscHR5aJGNsYXNzbmFtZVgkY2xhc3Nlc11OU011dGFibGVEYXRhox0fIFZOU0RhdGFYTlNPYmplY3TSGxwiI1xOU0RpY3Rpb25hcnmiIiBfEA9OU0tleWVkQXJjaGl2ZXLRJidUcm9vdIABAAgAEQAaACMALQAyADcAQABGAE0AVQBgAGcAagBsAG4AcQBzAHUAdwCEAI4AuwDAAMgCSgJMAlECXAJlAnMCdwJ+AocCjAKZApwCrgKxArYAAAAAAAACAQAAAAAAAAAoAAAAAAAAAAAAAAAAAAACuA==}}

@inproceedings{lopez2011automatic,
	Author = {Lopez, Luis D and Yu, Jingyi and Arighi, Cecilia N and Huang, Hongzhan and Shatkay, Hagit and Wu, Cathy},
	Booktitle = {Bioinformatics and Biomedicine (BIBM), 2011 IEEE International Conference on},
	Date-Modified = {2016-12-10 13:50:31 +0000},
	Organization = {IEEE},
	Pages = {578--581},
	Title = {An automatic system for extracting figures and captions in biomedical pdf documents},
	Year = {2011},
	Bdsk-File-1 = {YnBsaXN0MDDUAQIDBAUGJCVYJHZlcnNpb25YJG9iamVjdHNZJGFyY2hpdmVyVCR0b3ASAAGGoKgHCBMUFRYaIVUkbnVsbNMJCgsMDxJXTlMua2V5c1pOUy5vYmplY3RzViRjbGFzc6INDoACgAOiEBGABIAFgAdccmVsYXRpdmVQYXRoWWFsaWFzRGF0YV8QKC4uLy4uLy4uLy4uLy4uLy4uL0Rvd25sb2Fkcy9CSUJNMjAxMS5wZGbSFwsYGVdOUy5kYXRhTxEBdAAAAAABdAACAAAMTWFjaW50b3NoIEhEAAAAAAAAAAAAAAAAAAAA0O7dyUgrAAAACT5mDEJJQk0yMDExLnBkZgAAAAAAAAAAAAAAAAAAAAAAAAAAAAAAAAAAAAAAAAAAAAAAAAAAAAAAAAAAAAAAAAAAAAKPiHXUcXKVAAAAAAAAAAAABgACAAAJIAAAAAAAAAAAAAAAAAAAAAlEb3dubG9hZHMAABAACAAA0O8kGQAAABEACAAA1HG45QAAAAEADAAJPmYACT5jAAKUIwACADJNYWNpbnRvc2ggSEQ6VXNlcnM6AEVyaWNhOgBEb3dubG9hZHM6AEJJQk0yMDExLnBkZgAOABoADABCAEkAQgBNADIAMAAxADEALgBwAGQAZgAPABoADABNAGEAYwBpAG4AdABvAHMAaAAgAEgARAASACJVc2Vycy9FcmljYS9Eb3dubG9hZHMvQklCTTIwMTEucGRmABMAAS8AABUAAgAM//8AAIAG0hscHR5aJGNsYXNzbmFtZVgkY2xhc3Nlc11OU011dGFibGVEYXRhox0fIFZOU0RhdGFYTlNPYmplY3TSGxwiI1xOU0RpY3Rpb25hcnmiIiBfEA9OU0tleWVkQXJjaGl2ZXLRJidUcm9vdIABAAgAEQAaACMALQAyADcAQABGAE0AVQBgAGcAagBsAG4AcQBzAHUAdwCEAI4AuQC+AMYCPgJAAkUCUAJZAmcCawJyAnsCgAKNApACogKlAqoAAAAAAAACAQAAAAAAAAAoAAAAAAAAAAAAAAAAAAACrA==}}

@article{praczyk2013automatic,
	Author = {Praczyk, Piotr Adam and Nogueras-Iso, Javier and Mele, Salvatore},
	Journal = {Information Technology and Libraries (Online)},
	Number = {4},
	Pages = {25},
	Publisher = {American Library Association},
	Title = {Automatic extraction of figures from scientific publications in high-energy physics},
	Volume = {32},
	Year = {2013},
	Bdsk-File-1 = {YnBsaXN0MDDUAQIDBAUGJCVYJHZlcnNpb25YJG9iamVjdHNZJGFyY2hpdmVyVCR0b3ASAAGGoKgHCBMUFRYaIVUkbnVsbNMJCgsMDxJXTlMua2V5c1pOUy5vYmplY3RzViRjbGFzc6INDoACgAOiEBGABIAFgAdccmVsYXRpdmVQYXRoWWFsaWFzRGF0YV8QLy4uLy4uLy4uLy4uLy4uLy4uL0Rvd25sb2Fkcy8zNjcwLTEwMzgwLTMtUEIucGRm0hcLGBlXTlMuZGF0YU8RAZIAAAAAAZIAAgAADE1hY2ludG9zaCBIRAAAAAAAAAAAAAAAAAAAANDu3clIKwAAAAk+ZhMzNjcwLTEwMzgwLTMtUEIucGRmAAAAAAAAAAAAAAAAAAAAAAAAAAAAAAAAAAAAAAAAAAAAAAAAAAAAAAAAAAACj4js1HFy8QAAAAAAAAAAAAYAAgAACSAAAAAAAAAAAAAAAAAAAAAJRG93bmxvYWRzAAAQAAgAANDvJBkAAAARAAgAANRxuUEAAAABAAwACT5mAAk+YwAClCMAAgA5TWFjaW50b3NoIEhEOlVzZXJzOgBFcmljYToARG93bmxvYWRzOgAzNjcwLTEwMzgwLTMtUEIucGRmAAAOACgAEwAzADYANwAwAC0AMQAwADMAOAAwAC0AMwAtAFAAQgAuAHAAZABmAA8AGgAMAE0AYQBjAGkAbgB0AG8AcwBoACAASABEABIAKVVzZXJzL0VyaWNhL0Rvd25sb2Fkcy8zNjcwLTEwMzgwLTMtUEIucGRmAAATAAEvAAAVAAIADP//AACABtIbHB0eWiRjbGFzc25hbWVYJGNsYXNzZXNdTlNNdXRhYmxlRGF0YaMdHyBWTlNEYXRhWE5TT2JqZWN00hscIiNcTlNEaWN0aW9uYXJ5oiIgXxAPTlNLZXllZEFyY2hpdmVy0SYnVHJvb3SAAQAIABEAGgAjAC0AMgA3AEAARgBNAFUAYABnAGoAbABuAHEAcwB1AHcAhACOAMAAxQDNAmMCZQJqAnUCfgKMApAClwKgAqUCsgK1AscCygLPAAAAAAAAAgEAAAAAAAAAKAAAAAAAAAAAAAAAAAAAAtE=}}

@article{hotelling1936relations,
	Author = {Hotelling, Harold},
	Date-Modified = {2016-12-10 13:50:40 +0000},
	Journal = {Biometrika},
	Keywords = {Stat},
	Number = {3/4},
	Pages = {321--377},
	Publisher = {JSTOR},
	Title = {Relations between two sets of variates},
	Volume = {28},
	Year = {1936}}

@article{tseng2001convergence,
	Author = {Tseng, Paul},
	Date-Modified = {2016-02-02 11:41:37 +0000},
	Journal = {Journal of optimization theory and applications},
	Keywords = {Opt},
	Number = {3},
	Pages = {475--494},
	Publisher = {Springer},
	Title = {Convergence of a block coordinate descent method for nondifferentiable minimization},
	Volume = {109},
	Year = {2001}}

@article{bezdek1987local,
	Author = {Bezdek, James C and Hathaway, RJ and Howard, RE and Wilson, CA and Windham, MP},
	Date-Modified = {2016-02-02 11:38:28 +0000},
	Journal = {Journal of Optimization Theory and Applications},
	Keywords = {Opt},
	Number = {3},
	Pages = {471--477},
	Publisher = {Springer},
	Title = {Local convergence analysis of a grouped variable version of coordinate descent},
	Volume = {54},
	Year = {1987}}

@inproceedings{chen2013automatic,
	Author = {Chen, Cunjian and Dantcheva, Antitza and Ross, Arun},
	Booktitle = {Conference on Biometrics International},
	Date-Modified = {2016-02-02 11:20:54 +0000},
	Keywords = {Makeup},
	Organization = {IEEE},
	Pages = {1--8},
	Title = {Automatic facial makeup detection with application in face recognition},
	Year = {2013}}

@inproceedings{hu2013makeup,
	Author = {Hu, Junlin and Ge, Yongxin and Lu, Jiwen and Feng, Xin},
	Booktitle = {Conference on Acoustics, Speech and Signal Processing},
	Date-Modified = {2016-02-02 11:09:17 +0000},
	Keywords = {Makeup},
	Organization = {IEEE},
	Pages = {2342--2346},
	Title = {Makeup-robust face verification},
	Year = {2013}}

@inproceedings{moeini2014makeupIST,
	Author = {Moeini, Hossein and Mozaffari, Saeed and Moeini, Ali},
	Booktitle = {International Symposium on Telecommunications},
	Date-Modified = {2016-02-02 11:09:13 +0000},
	Keywords = {Makeup},
	Organization = {IEEE},
	Pages = {497--501},
	Title = {Makeup-invariant face recognition by combination of Local Binary Pattern and Dual-Tree Complex Wavelet Transform from women's images},
	Year = {2014}}

@inproceedings{moeini2014makeupICIP,
	Author = {Moeini, Ali and Moeini, Hossein and Faez, Karim},
	Booktitle = {International Conference on Image Processing},
	Date-Modified = {2016-02-02 11:09:04 +0000},
	Keywords = {Makeup},
	Organization = {IEEE},
	Pages = {308--312},
	Title = {Makeup-insensitive face recognition by facial depth reconstruction and Gabor filter bank from women's real-world images},
	Year = {2014},
	Bdsk-File-1 = {YnBsaXN0MDDUAQIDBAUGJCVYJHZlcnNpb25YJG9iamVjdHNZJGFyY2hpdmVyVCR0b3ASAAGGoKgHCBMUFRYaIVUkbnVsbNMJCgsMDxJXTlMua2V5c1pOUy5vYmplY3RzViRjbGFzc6INDoACgAOiEBGABIAFgAdccmVsYXRpdmVQYXRoWWFsaWFzRGF0YV8QJS4uLy4uLy4uLy4uLy4uLy4uLy5UcmFzaC8wNzAyNTA2MS5wZGbSFwsYGVdOUy5kYXRhTxEBbAAAAAABbAACAAAMTWFjaW50b3NoIEhEAAAAAAAAAAAAAAAAAAAA0O7dyUgrAAAAD8ggDDA3MDI1MDYxLnBkZgAAAAAAAAAAAAAAAAAAAAAAAAAAAAAAAAAAAAAAAAAAAAAAAAAAAAAAAAAAAAAAAAAAAAFKBWvS0UepAAAAAAAAAAAABgACAAAJIAAAAAAAAAAAAAAAAAAAAAYuVHJhc2gAEAAIAADQ7yQZAAAAEQAIAADS0Y35AAAAAQAMAA/IIAAJPmMAApQjAAIAL01hY2ludG9zaCBIRDpVc2VyczoARXJpY2E6AC5UcmFzaDoAMDcwMjUwNjEucGRmAAAOABoADAAwADcAMAAyADUAMAA2ADEALgBwAGQAZgAPABoADABNAGEAYwBpAG4AdABvAHMAaAAgAEgARAASAB9Vc2Vycy9FcmljYS8uVHJhc2gvMDcwMjUwNjEucGRmAAATAAEvAAAVAAIADP//AACABtIbHB0eWiRjbGFzc25hbWVYJGNsYXNzZXNdTlNNdXRhYmxlRGF0YaMdHyBWTlNEYXRhWE5TT2JqZWN00hscIiNcTlNEaWN0aW9uYXJ5oiIgXxAPTlNLZXllZEFyY2hpdmVy0SYnVHJvb3SAAQAIABEAGgAjAC0AMgA3AEAARgBNAFUAYABnAGoAbABuAHEAcwB1AHcAhACOALYAuwDDAjMCNQI6AkUCTgJcAmACZwJwAnUCggKFApcCmgKfAAAAAAAAAgEAAAAAAAAAKAAAAAAAAAAAAAAAAAAAAqE=}}

@inproceedings{moeini2014makeupICPR,
	Author = {Moeini, Ali and Moeini, Hossein and Ayatollahi, Fazael and Faez, Karim},
	Booktitle = {International Conference on Pattern Recognition},
	Date-Modified = {2016-02-02 11:09:09 +0000},
	Keywords = {Makeup},
	Organization = {IEEE},
	Pages = {1710--1715},
	Title = {Makeup-Invariant Face Recognition by 3D Face: Modeling and Dual-Tree Complex Wavelet Transform from Women's 2D Real-World Images},
	Year = {2014},
	Bdsk-File-1 = {YnBsaXN0MDDUAQIDBAUGJCVYJHZlcnNpb25YJG9iamVjdHNZJGFyY2hpdmVyVCR0b3ASAAGGoKgHCBMUFRYaIVUkbnVsbNMJCgsMDxJXTlMua2V5c1pOUy5vYmplY3RzViRjbGFzc6INDoACgAOiEBGABIAFgAdccmVsYXRpdmVQYXRoWWFsaWFzRGF0YV8QJS4uLy4uLy4uLy4uLy4uLy4uLy5UcmFzaC8wNjk3NzAxMi5wZGbSFwsYGVdOUy5kYXRhTxEBbAAAAAABbAACAAAMTWFjaW50b3NoIEhEAAAAAAAAAAAAAAAAAAAA0O7dyUgrAAAAD8ggDDA2OTc3MDEyLnBkZgAAAAAAAAAAAAAAAAAAAAAAAAAAAAAAAAAAAAAAAAAAAAAAAAAAAAAAAAAAAAAAAAAAAAFKBVjS0UelAAAAAAAAAAAABgACAAAJIAAAAAAAAAAAAAAAAAAAAAYuVHJhc2gAEAAIAADQ7yQZAAAAEQAIAADS0Y31AAAAAQAMAA/IIAAJPmMAApQjAAIAL01hY2ludG9zaCBIRDpVc2VyczoARXJpY2E6AC5UcmFzaDoAMDY5NzcwMTIucGRmAAAOABoADAAwADYAOQA3ADcAMAAxADIALgBwAGQAZgAPABoADABNAGEAYwBpAG4AdABvAHMAaAAgAEgARAASAB9Vc2Vycy9FcmljYS8uVHJhc2gvMDY5NzcwMTIucGRmAAATAAEvAAAVAAIADP//AACABtIbHB0eWiRjbGFzc25hbWVYJGNsYXNzZXNdTlNNdXRhYmxlRGF0YaMdHyBWTlNEYXRhWE5TT2JqZWN00hscIiNcTlNEaWN0aW9uYXJ5oiIgXxAPTlNLZXllZEFyY2hpdmVy0SYnVHJvb3SAAQAIABEAGgAjAC0AMgA3AEAARgBNAFUAYABnAGoAbABuAHEAcwB1AHcAhACOALYAuwDDAjMCNQI6AkUCTgJcAmACZwJwAnUCggKFApcCmgKfAAAAAAAAAgEAAAAAAAAAKAAAAAAAAAAAAAAAAAAAAqE=},
	Bdsk-File-2 = {YnBsaXN0MDDUAQIDBAUGJCVYJHZlcnNpb25YJG9iamVjdHNZJGFyY2hpdmVyVCR0b3ASAAGGoKgHCBMUFRYaIVUkbnVsbNMJCgsMDxJXTlMua2V5c1pOUy5vYmplY3RzViRjbGFzc6INDoACgAOiEBGABIAFgAdccmVsYXRpdmVQYXRoWWFsaWFzRGF0YV8QJS4uLy4uLy4uLy4uLy4uLy4uLy5UcmFzaC8wNzAwMDc1NC5wZGbSFwsYGVdOUy5kYXRhTxEBbAAAAAABbAACAAAMTWFjaW50b3NoIEhEAAAAAAAAAAAAAAAAAAAA0O7dyUgrAAAAD8ggDDA3MDAwNzU0LnBkZgAAAAAAAAAAAAAAAAAAAAAAAAAAAAAAAAAAAAAAAAAAAAAAAAAAAAAAAAAAAAAAAAAAAAFKBXjS0UeuAAAAAAAAAAAABgACAAAJIAAAAAAAAAAAAAAAAAAAAAYuVHJhc2gAEAAIAADQ7yQZAAAAEQAIAADS0Y3+AAAAAQAMAA/IIAAJPmMAApQjAAIAL01hY2ludG9zaCBIRDpVc2VyczoARXJpY2E6AC5UcmFzaDoAMDcwMDA3NTQucGRmAAAOABoADAAwADcAMAAwADAANwA1ADQALgBwAGQAZgAPABoADABNAGEAYwBpAG4AdABvAHMAaAAgAEgARAASAB9Vc2Vycy9FcmljYS8uVHJhc2gvMDcwMDA3NTQucGRmAAATAAEvAAAVAAIADP//AACABtIbHB0eWiRjbGFzc25hbWVYJGNsYXNzZXNdTlNNdXRhYmxlRGF0YaMdHyBWTlNEYXRhWE5TT2JqZWN00hscIiNcTlNEaWN0aW9uYXJ5oiIgXxAPTlNLZXllZEFyY2hpdmVy0SYnVHJvb3SAAQAIABEAGgAjAC0AMgA3AEAARgBNAFUAYABnAGoAbABuAHEAcwB1AHcAhACOALYAuwDDAjMCNQI6AkUCTgJcAmACZwJwAnUCggKFApcCmgKfAAAAAAAAAgEAAAAAAAAAKAAAAAAAAAAAAAAAAAAAAqE=}}

@inproceedings{sharma2011bypassing,
	Author = {Sharma, Abhishek and Jacobs, David W},
	Booktitle = {Conference on Computer Vision and Pattern Recognition},
	Date-Modified = {2016-12-10 13:50:12 +0000},
	Keywords = {face},
	Organization = {IEEE},
	Pages = {593--600},
	Title = {Bypassing synthesis: PLS for face recognition with pose, low-resolution and sketch},
	Year = {2011}}

@article{guo2014face,
	Author = {Guo, Guodong and Wen, Lingyun and Yan, Shuicheng},
	Date-Modified = {2016-02-02 11:08:54 +0000},
	Journal = {Transactions on Circuits and Systems for Video Technology},
	Keywords = {Makeup},
	Number = {5},
	Pages = {814--825},
	Publisher = {IEEE},
	Title = {Face Authentication with makeup changes},
	Volume = {24},
	Year = {2014},
	Bdsk-File-1 = {YnBsaXN0MDDUAQIDBAUGJCVYJHZlcnNpb25YJG9iamVjdHNZJGFyY2hpdmVyVCR0b3ASAAGGoKgHCBMUFRYaIVUkbnVsbNMJCgsMDxJXTlMua2V5c1pOUy5vYmplY3RzViRjbGFzc6INDoACgAOiEBGABIAFgAdccmVsYXRpdmVQYXRoWWFsaWFzRGF0YV8QYy4uLy4uLy4uLy4uLy4uLy4uL090aGVycy9XVlUvTFcvTGluZ3l1bidzIHBhcGVyL0ZhY2UgQXV0aGVudGljYXRpb24gV2l0aCBNYWtldXAgQ2hhbmdlc19UQ1NWVDE0LnBkZtIXCxgZV05TLmRhdGFPEQI6AAAAAAI6AAIAAAxNYWNpbnRvc2ggSEQAAAAAAAAAAAAAAAAAAADQ7t3JSCsAAAB4894fRmFjZSBBdXRoZW50aWNhdGlvbiAjNzhGM0UyLnBkZgAAAAAAAAAAAAAAAAAAAAAAAAAAAAAAAAAAAAAAAAAAAHjz4tFRPVQAAAAAAAAAAAAGAAUAAAkgAAAAAAAAAAAAAAAAAAAAD0xpbmd5dW4ncyBwYXBlcgAAEAAIAADQ7yQZAAAAEQAIAADRUXWUAAAAAQAYAHjz3gAfRy8CTxnPAB9HFwAJPmMAApQjAAIAXE1hY2ludG9zaCBIRDpVc2VyczoARXJpY2E6AE90aGVyczoAV1ZVOgBMVzoATGluZ3l1bidzIHBhcGVyOgBGYWNlIEF1dGhlbnRpY2F0aW9uICM3OEYzRTIucGRmAA4AaAAzAEYAYQBjAGUAIABBAHUAdABoAGUAbgB0AGkAYwBhAHQAaQBvAG4AIABXAGkAdABoACAATQBhAGsAZQB1AHAAIABDAGgAYQBuAGcAZQBzAF8AVABDAFMAVgBUADEANAAuAHAAZABmAA8AGgAMAE0AYQBjAGkAbgB0AG8AcwBoACAASABEABIAXVVzZXJzL0VyaWNhL090aGVycy9XVlUvTFcvTGluZ3l1bidzIHBhcGVyL0ZhY2UgQXV0aGVudGljYXRpb24gV2l0aCBNYWtldXAgQ2hhbmdlc19UQ1NWVDE0LnBkZgAAEwABLwAAFQACAAz//wAAgAbSGxwdHlokY2xhc3NuYW1lWCRjbGFzc2VzXU5TTXV0YWJsZURhdGGjHR8gVk5TRGF0YVhOU09iamVjdNIbHCIjXE5TRGljdGlvbmFyeaIiIF8QD05TS2V5ZWRBcmNoaXZlctEmJ1Ryb290gAEACAARABoAIwAtADIANwBAAEYATQBVAGAAZwBqAGwAbgBxAHMAdQB3AIQAjgD0APkBAQM/A0EDRgNRA1oDaANsA3MDfAOBA44DkQOjA6YDqwAAAAAAAAIBAAAAAAAAACgAAAAAAAAAAAAAAAAAAAOt}}

@article{daume2009frustratingly,
	Author = {Daum{\'e} III, Hal},
	Date-Modified = {2015-12-21 23:11:04 +0000},
	Journal = {arXiv preprint arXiv:0907.1815},
	Keywords = {DA},
	Title = {Frustratingly easy domain adaptation},
	Year = {2009}}

@article{patel2015visual,
	Author = {Patel, Vishal M and Gopalan, Raghuraman and Li, Ruonan and Chellappa, Rama},
	Date-Modified = {2015-12-22 00:49:56 +0000},
	Journal = {Signal Processing Magazine},
	Keywords = {DA},
	Number = {3},
	Pages = {53--69},
	Publisher = {IEEE},
	Title = {Visual Domain Adaptation: A survey of recent advances},
	Volume = {32},
	Year = {2015},
	Bdsk-File-1 = {YnBsaXN0MDDUAQIDBAUGJCVYJHZlcnNpb25YJG9iamVjdHNZJGFyY2hpdmVyVCR0b3ASAAGGoKgHCBMUFRYaIVUkbnVsbNMJCgsMDxJXTlMua2V5c1pOUy5vYmplY3RzViRjbGFzc6INDoACgAOiEBGABIAFgAdccmVsYXRpdmVQYXRoWWFsaWFzRGF0YV8QTi4uLy4uLy4uLy4uLy4uLy4uL1Jlc2VhcmNoL0RvbWFpbiBBZGFwdGF0aW9uL1BhcGVyL1Zpc3VhbCBEb21haW4gQWRhcGF0aW9uLnBkZtIXCxgZV05TLmRhdGFPEQHkAAAAAAHkAAIAAAxNYWNpbnRvc2ggSEQAAAAAAAAAAAAAAAAAAADQ7t3JSCsAAAB+KpcbVmlzdWFsIERvbWFpbiBBZGFwYXRpb24ucGRmAAAAAAAAAAAAAAAAAAAAAAAAAAAAAAAAAAAAAAAAAAAAAAAAAkqY89GNufoAAAAAAAAAAAAGAAQAAAkgAAAAAAAAAAAAAAAAAAAABVBhcGVyAAAQAAgAANDvJBkAAAARAAgAANGN8joAAAABABQAfiqXAH9rUwAfRwoACT5jAAKUIwACAFpNYWNpbnRvc2ggSEQ6VXNlcnM6AEVyaWNhOgBSZXNlYXJjaDoARG9tYWluIEFkYXB0YXRpb246AFBhcGVyOgBWaXN1YWwgRG9tYWluIEFkYXBhdGlvbi5wZGYADgA4ABsAVgBpAHMAdQBhAGwAIABEAG8AbQBhAGkAbgAgAEEAZABhAHAAYQB0AGkAbwBuAC4AcABkAGYADwAaAAwATQBhAGMAaQBuAHQAbwBzAGgAIABIAEQAEgBIVXNlcnMvRXJpY2EvUmVzZWFyY2gvRG9tYWluIEFkYXB0YXRpb24vUGFwZXIvVmlzdWFsIERvbWFpbiBBZGFwYXRpb24ucGRmABMAAS8AABUAAgAM//8AAIAG0hscHR5aJGNsYXNzbmFtZVgkY2xhc3Nlc11OU011dGFibGVEYXRhox0fIFZOU0RhdGFYTlNPYmplY3TSGxwiI1xOU0RpY3Rpb25hcnmiIiBfEA9OU0tleWVkQXJjaGl2ZXLRJidUcm9vdIABAAgAEQAaACMALQAyADcAQABGAE0AVQBgAGcAagBsAG4AcQBzAHUAdwCEAI4A3wDkAOwC1ALWAtsC5gLvAv0DAQMIAxEDFgMjAyYDOAM7A0AAAAAAAAACAQAAAAAAAAAoAAAAAAAAAAAAAAAAAAADQg==}}

@incollection{saenko2010adapting,
	Author = {Saenko, Kate and Kulis, Brian and Fritz, Mario and Darrell, Trevor},
	Booktitle = {Proceeding of the European Conference on Computer Vision},
	Date-Modified = {2015-12-21 23:01:41 +0000},
	Keywords = {DA},
	Pages = {213--226},
	Publisher = {Springer},
	Rating = {5},
	Title = {Adapting visual category models to new domains},
	Year = {2010}}

@inproceedings{gopalan2011domain,
	Author = {Gopalan, Raghuraman and Li, Ruonan and Chellappa, Rama},
	Booktitle = {International Conference on Computer Vision},
	Date-Modified = {2015-12-21 23:04:49 +0000},
	Keywords = {DA},
	Organization = {IEEE},
	Pages = {999--1006},
	Title = {Domain adaptation for object recognition: An unsupervised approach},
	Year = {2011},
	Bdsk-File-1 = {YnBsaXN0MDDUAQIDBAUGJCVYJHZlcnNpb25YJG9iamVjdHNZJGFyY2hpdmVyVCR0b3ASAAGGoKgHCBMUFRYaIVUkbnVsbNMJCgsMDxJXTlMua2V5c1pOUy5vYmplY3RzViRjbGFzc6INDoACgAOiEBGABIAFgAdccmVsYXRpdmVQYXRoWWFsaWFzRGF0YV8QPy4uLy4uLy4uLy4uLy4uLy4uL1Jlc2VhcmNoL0RvbWFpbiBBZGFwdGF0aW9uL1BhcGVyL1szM10gU0dGLnBkZtIXCxgZV05TLmRhdGFPEQGqAAAAAAGqAAIAAAxNYWNpbnRvc2ggSEQAAAAAAAAAAAAAAAAAAADQ7t3JSCsAAAB+KpcMWzMzXSBTR0YucGRmAAAAAAAAAAAAAAAAAAAAAAAAAAAAAAAAAAAAAAAAAAAAAAAAAAAAAAAAAAAAAAAAAAAAASspf9Kd6HcAAAAAAAAAAAAGAAQAAAkgAAAAAAAAAAAAAAAAAAAABVBhcGVyAAAQAAgAANDvJBkAAAARAAgAANKeLscAAAABABQAfiqXAH9rUwAfRwoACT5jAAKUIwACAEtNYWNpbnRvc2ggSEQ6VXNlcnM6AEVyaWNhOgBSZXNlYXJjaDoARG9tYWluIEFkYXB0YXRpb246AFBhcGVyOgBbMzNdIFNHRi5wZGYAAA4AGgAMAFsAMwAzAF0AIABTAEcARgAuAHAAZABmAA8AGgAMAE0AYQBjAGkAbgB0AG8AcwBoACAASABEABIAOVVzZXJzL0VyaWNhL1Jlc2VhcmNoL0RvbWFpbiBBZGFwdGF0aW9uL1BhcGVyL1szM10gU0dGLnBkZgAAEwABLwAAFQACAAz//wAAgAbSGxwdHlokY2xhc3NuYW1lWCRjbGFzc2VzXU5TTXV0YWJsZURhdGGjHR8gVk5TRGF0YVhOU09iamVjdNIbHCIjXE5TRGljdGlvbmFyeaIiIF8QD05TS2V5ZWRBcmNoaXZlctEmJ1Ryb290gAEACAARABoAIwAtADIANwBAAEYATQBVAGAAZwBqAGwAbgBxAHMAdQB3AIQAjgDQANUA3QKLAo0CkgKdAqYCtAK4Ar8CyALNAtoC3QLvAvIC9wAAAAAAAAIBAAAAAAAAACgAAAAAAAAAAAAAAAAAAAL5}}

@inproceedings{gong2012geodesic,
	Author = {Gong, Boqing and Shi, Yuan and Sha, Fei and Grauman, Kristen},
	Booktitle = {Conference on Computer Vision and Pattern Recognition},
	Date-Modified = {2015-12-21 23:05:52 +0000},
	Keywords = {DA},
	Organization = {IEEE},
	Pages = {2066--2073},
	Title = {Geodesic flow kernel for unsupervised domain adaptation},
	Year = {2012},
	Bdsk-File-1 = {YnBsaXN0MDDUAQIDBAUGJCVYJHZlcnNpb25YJG9iamVjdHNZJGFyY2hpdmVyVCR0b3ASAAGGoKgHCBMUFRYaIVUkbnVsbNMJCgsMDxJXTlMua2V5c1pOUy5vYmplY3RzViRjbGFzc6INDoACgAOiEBGABIAFgAdccmVsYXRpdmVQYXRoWWFsaWFzRGF0YV8QPy4uLy4uLy4uLy4uLy4uLy4uL1Jlc2VhcmNoL0RvbWFpbiBBZGFwdGF0aW9uL1BhcGVyL1szN10gR0ZLLnBkZtIXCxgZV05TLmRhdGFPEQGqAAAAAAGqAAIAAAxNYWNpbnRvc2ggSEQAAAAAAAAAAAAAAAAAAADQ7t3JSCsAAAB+KpcMWzM3XSBHRksucGRmAAAAAAAAAAAAAAAAAAAAAAAAAAAAAAAAAAAAAAAAAAAAAAAAAAAAAAAAAAAAAAAAAAAAAIBRhdGNrggAAAAAAAAAAAAGAAQAAAkgAAAAAAAAAAAAAAAAAAAABVBhcGVyAAAQAAgAANDvJBkAAAARAAgAANGN5kgAAAABABQAfiqXAH9rUwAfRwoACT5jAAKUIwACAEtNYWNpbnRvc2ggSEQ6VXNlcnM6AEVyaWNhOgBSZXNlYXJjaDoARG9tYWluIEFkYXB0YXRpb246AFBhcGVyOgBbMzddIEdGSy5wZGYAAA4AGgAMAFsAMwA3AF0AIABHAEYASwAuAHAAZABmAA8AGgAMAE0AYQBjAGkAbgB0AG8AcwBoACAASABEABIAOVVzZXJzL0VyaWNhL1Jlc2VhcmNoL0RvbWFpbiBBZGFwdGF0aW9uL1BhcGVyL1szN10gR0ZLLnBkZgAAEwABLwAAFQACAAz//wAAgAbSGxwdHlokY2xhc3NuYW1lWCRjbGFzc2VzXU5TTXV0YWJsZURhdGGjHR8gVk5TRGF0YVhOU09iamVjdNIbHCIjXE5TRGljdGlvbmFyeaIiIF8QD05TS2V5ZWRBcmNoaXZlctEmJ1Ryb290gAEACAARABoAIwAtADIANwBAAEYATQBVAGAAZwBqAGwAbgBxAHMAdQB3AIQAjgDQANUA3QKLAo0CkgKdAqYCtAK4Ar8CyALNAtoC3QLvAvIC9wAAAAAAAAIBAAAAAAAAACgAAAAAAAAAAAAAAAAAAAL5}}

@inproceedings{kulis2011you,
	Author = {Kulis, Brian and Saenko, Kate and Darrell, Trevor},
	Booktitle = {Conference on Computer Vision and Pattern Recognition},
	Date-Modified = {2015-12-21 23:08:53 +0000},
	Keywords = {DA},
	Organization = {IEEE},
	Pages = {1785--1792},
	Title = {What you saw is not what you get: Domain adaptation using asymmetric kernel transforms},
	Year = {2011}}

@inproceedings{tommasi2013frustratingly,
	Author = {Tommasi, Tatiana and Caputo, Barbara},
	Booktitle = {International Conference on Computer Vision},
	Date-Modified = {2015-12-21 23:07:47 +0000},
	Keywords = {DA},
	Organization = {IEEE},
	Pages = {897--904},
	Title = {Frustratingly easy nbnn domain adaptation},
	Year = {2013}}

@inproceedings{long2014transfer,
	Author = {Long, Mingsheng and Wang, Jianmin and Ding, Guiguang and Sun, Jiaguang and Yu, Philip S},
	Booktitle = {Conference on Computer Vision and Pattern Recognition},
	Date-Modified = {2015-12-21 23:08:45 +0000},
	Keywords = {TL},
	Organization = {IEEE},
	Pages = {1410--1417},
	Title = {Transfer Joint Matching for Unsupervised Domain Adaptation},
	Year = {2014}}

@article{pan2010survey,
	Author = {Pan, Sinno Jialin and Yang, Qiang},
	Date-Modified = {2015-12-21 23:07:47 +0000},
	Journal = {Transactions on Knowledge and Data Engineering},
	Keywords = {TL},
	Number = {10},
	Pages = {1345--1359},
	Publisher = {IEEE},
	Title = {A survey on transfer learning},
	Volume = {22},
	Year = {2010}}

@inproceedings{lampert2009learning,
	Author = {Lampert, Christoph H and Nickisch, Hannes and Harmeling, Stefan},
	Booktitle = {Conference on Computer Vision and Pattern Recognition},
	Date-Modified = {2015-12-21 23:08:36 +0000},
	Keywords = {Attr, TL},
	Organization = {IEEE},
	Pages = {951--958},
	Title = {Learning to detect unseen object classes by between-class attribute transfer},
	Year = {2009}}

@inproceedings{kovashka2013attribute,
	Author = {Kovashka, Adriana and Grauman, Kristen},
	Booktitle = {International Conference on Computer Vision},
	Date-Modified = {2015-12-21 23:07:57 +0000},
	Keywords = {Attr},
	Organization = {IEEE},
	Pages = {3432--3439},
	Title = {Attribute adaptation for personalized image search},
	Year = {2013}}

@inproceedings{kumar2009attribute,
	Author = {Kumar, Neeraj and Berg, Alexander C and Belhumeur, Peter N and Nayar, Shree K},
	Booktitle = {International Conference on Computer Vision},
	Date-Modified = {2015-12-21 23:08:05 +0000},
	Keywords = {Attr},
	Organization = {IEEE},
	Pages = {365--372},
	Title = {Attribute and simile classifiers for face verification},
	Year = {2009}}

@incollection{rastegari2012attribute,
	Author = {Rastegari, Mohammad and Farhadi, Ali and Forsyth, David},
	Booktitle = {Proceeding of the European Conference on Computer Vision},
	Date-Modified = {2015-12-21 23:08:13 +0000},
	Keywords = {Attr},
	Pages = {876--889},
	Publisher = {Springer},
	Title = {Attribute discovery via predictable discriminative binary codes},
	Year = {2012}}

@inproceedings{farhadi2009describing,
	Author = {Farhadi, Alireza and Endres, Ian and Hoiem, Derek and Forsyth, David},
	Booktitle = {Conference on Computer Vision and Pattern Recognition},
	Date-Modified = {2015-12-21 23:08:19 +0000},
	Keywords = {Attr},
	Organization = {IEEE},
	Pages = {1778--1785},
	Title = {Describing objects by their attributes},
	Year = {2009}}

@article{wen2013dual,
	Author = {Wen, Lingyun and Guo, Guodong},
	Date-Modified = {2016-02-02 11:08:58 +0000},
	Journal = {Journal of Computer Vision and Image Processing},
	Keywords = {Makeup},
	Number = {1},
	Pages = {63--73},
	Title = {Dual attributes for face verification robust to facial cosmetics},
	Volume = {3},
	Year = {2013},
	Bdsk-File-1 = {YnBsaXN0MDDUAQIDBAUGJCVYJHZlcnNpb25YJG9iamVjdHNZJGFyY2hpdmVyVCR0b3ASAAGGoKgHCBMUFRYaIVUkbnVsbNMJCgsMDxJXTlMua2V5c1pOUy5vYmplY3RzViRjbGFzc6INDoACgAOiEBGABIAFgAdccmVsYXRpdmVQYXRoWWFsaWFzRGF0YV8QdC4uLy4uLy4uLy4uLy4uLy4uL090aGVycy9XVlUvTFcvTGluZ3l1bidzIHBhcGVyL0R1YWwgQXR0cmlidXRlcyBmb3IgRmFjZSBWZXJpZmljYXRpb24gUm9idXN0IHRvIEZhY2lhbCBDb3NtZXRpY3MucGRm0hcLGBlXTlMuZGF0YU8RAmwAAAAAAmwAAgAADE1hY2ludG9zaCBIRAAAAAAAAAAAAAAAAAAAANDu3clIKwAAAHjz3h9EdWFsIEF0dHJpYnV0ZXMgZm9yIzFGRkZBMjgucGRmAAAAAAAAAAAAAAAAAAAAAAAAAAAAAAAAAAAAAAAAAAAB//oo0U7oegAAAAAAAAAAAAYABQAACSAAAAAAAAAAAAAAAAAAAAAPTGluZ3l1bidzIHBhcGVyAAAQAAgAANDvJBkAAAARAAgAANFPILoAAAABABgAePPeAB9HLwJPGc8AH0cXAAk+YwAClCMAAgBcTWFjaW50b3NoIEhEOlVzZXJzOgBFcmljYToAT3RoZXJzOgBXVlU6AExXOgBMaW5neXVuJ3MgcGFwZXI6AER1YWwgQXR0cmlidXRlcyBmb3IjMUZGRkEyOC5wZGYADgCKAEQARAB1AGEAbAAgAEEAdAB0AHIAaQBiAHUAdABlAHMAIABmAG8AcgAgAEYAYQBjAGUAIABWAGUAcgBpAGYAaQBjAGEAdABpAG8AbgAgAFIAbwBiAHUAcwB0ACAAdABvACAARgBhAGMAaQBhAGwAIABDAG8AcwBtAGUAdABpAGMAcwAuAHAAZABmAA8AGgAMAE0AYQBjAGkAbgB0AG8AcwBoACAASABEABIAblVzZXJzL0VyaWNhL090aGVycy9XVlUvTFcvTGluZ3l1bidzIHBhcGVyL0R1YWwgQXR0cmlidXRlcyBmb3IgRmFjZSBWZXJpZmljYXRpb24gUm9idXN0IHRvIEZhY2lhbCBDb3NtZXRpY3MucGRmABMAAS8AABUAAgAM//8AAIAG0hscHR5aJGNsYXNzbmFtZVgkY2xhc3Nlc11OU011dGFibGVEYXRhox0fIFZOU0RhdGFYTlNPYmplY3TSGxwiI1xOU0RpY3Rpb25hcnmiIiBfEA9OU0tleWVkQXJjaGl2ZXLRJidUcm9vdIABAAgAEQAaACMALQAyADcAQABGAE0AVQBgAGcAagBsAG4AcQBzAHUAdwCEAI4BBQEKARIDggOEA4kDlAOdA6sDrwO2A78DxAPRA9QD5gPpA+4AAAAAAAACAQAAAAAAAAAoAAAAAAAAAAAAAAAAAAAD8A==}}

@article{Konar:2010aa,
	Abstract = {The current study tested the widespread assumption that holistic processing is important for the identification of upright faces. In two experiments, we show that (a) there are large individual differences in the magnitude of the composite face effect and face-identification accuracy and (b) the correlation between the magnitude of the composite face effect and face-identification accuracy is essentially zero. These findings are inconsistent with the claim that holistic processing, as indexed by the composite face effect, significantly influences accuracy in a face-identification task.},
	Author = {Konar, Yaroslav and Bennett, Patrick J and Sekuler, Allison B},
	Date-Added = {2015-12-21 20:54:43 +0000},
	Date-Modified = {2015-12-22 00:36:37 +0000},
	Doi = {10.1177/0956797609356508},
	Journal = {Psychol Sci},
	Journal-Full = {Psychological science},
	Keywords = {sample},
	Mesh = {Adolescent; Adult; Attention; Discrimination Learning; Face; Female; Humans; Individuality; Male; Mental Recall; Orientation; Pattern Recognition, Visual; Perceptual Distortion; Reaction Time; Young Adult},
	Month = {Jan},
	Number = {1},
	Pages = {38-43},
	Pmid = {20424020},
	Pst = {ppublish},
	Title = {Holistic processing is not correlated with face-identification accuracy},
	Volume = {21},
	Year = {2010},
	Bdsk-Url-1 = {http://dx.doi.org/10.1177/0956797609356508}}
